<record><leader>00000cas a22000007a 4500</leader><controlfield tag="001">23167544</controlfield><controlfield tag="008">910228d18701884mnuwr ne      0    0eng d</controlfield><datafield ind1=" " ind2=" " tag="010"><subfield code="a">sn 91059006 </subfield></datafield><datafield ind1=" " ind2=" " tag="040"><subfield code="a">MN#</subfield><subfield code="b">eng</subfield><subfield code="c">MN#</subfield><subfield code="d">OCLCQ</subfield><subfield code="d">OCLCF</subfield><subfield code="d">OCLCO</subfield></datafield><datafield ind1="1" ind2=" " tag="029"><subfield code="a">AU@</subfield><subfield code="b">000025884709</subfield></datafield><datafield ind1=" " ind2=" " tag="042"><subfield code="a">msc</subfield></datafield><datafield ind1=" " ind2=" " tag="043"><subfield code="a">n-us-mn</subfield></datafield><datafield ind1=" " ind2=" " tag="052"><subfield code="a">4144</subfield><subfield code="b">S56</subfield></datafield><datafield ind1=" " ind2=" " tag="052"><subfield code="a">4143</subfield><subfield code="b">S3</subfield></datafield><datafield ind1="0" ind2=" " tag="130"><subfield code="a">Shakopee Argus (Shakopee, Minn. : 1870)</subfield></datafield><datafield ind1="1" ind2="0" tag="245"><subfield code="a">Shakopee Argus.</subfield></datafield><datafield ind1=" " ind2=" " tag="260"><subfield code="a">Shakopee, Minn. :</subfield><subfield code="b">Henry Hinds,</subfield><subfield code="c">1870-1884.</subfield></datafield><datafield ind1=" " ind2=" " tag="300"><subfield code="a">15 v.</subfield></datafield><datafield ind1=" " ind2=" " tag="310"><subfield code="a">Weekly</subfield></datafield><datafield ind1="0" ind2=" " tag="362"><subfield code="a">Vol. 9, no. 22 (June 16, 1870)-v. 23, no. 35 (Sept. 11, 1884).</subfield></datafield><datafield ind1=" " ind2=" " tag="530"><subfield code="a">Available on microfilm from the Minnesota Historical Society.</subfield></datafield><datafield ind1=" " ind2="0" tag="651"><subfield code="a">Shakopee (Minn.)</subfield><subfield code="v">Newspapers.</subfield></datafield><datafield ind1=" " ind2="7" tag="655"><subfield code="a">Newspapers.</subfield><subfield code="2">fast</subfield><subfield code="0">(OCoLC)fst01423814</subfield></datafield><datafield ind1=" " ind2="7" tag="651"><subfield code="a">Minnesota</subfield><subfield code="z">Shakopee.</subfield><subfield code="2">fast</subfield><subfield code="0">(OCoLC)fst01202678</subfield></datafield><datafield ind1=" " ind2=" " tag="752"><subfield code="a">United States</subfield><subfield code="b">Minnesota</subfield><subfield code="c">Scott</subfield><subfield code="d">Shakopee.</subfield></datafield><datafield ind1="0" ind2="0" tag="780"><subfield code="t">Shakopee weekly Argus</subfield><subfield code="w">(DLC)sn 91059005</subfield></datafield><datafield ind1="0" ind2="7" tag="785"><subfield code="t">Jordan advance</subfield><subfield code="w">(DLC)sn 90057681</subfield></datafield><datafield ind1="0" ind2="7" tag="785"><subfield code="t">Scott County Argus (Shakopee, Minn. : 1884)</subfield><subfield code="w">(DLC)sn 91059003</subfield></datafield></record>